@article{arguswp,
	title={Argus: Deciding Questions about Events},
	author={Baudis, Petr},
	url={https://goo.gl/PlwuiE},
	year={2015}
}

@article{Argus,
	title={Argus: An Artificial-Intelligence Assistant for Augur's Prediction Market Platform Reporters},
	author={Baudis, Petr and Stanko, Silvestr and Despeignes, Peronet},
	year={2016}
}

@article{sps,
	author    = {Petr Baudi{\v{s}} and Jan Pichl and Tom{\'{a}}{\v{s}} Vysko{\v{c}}il and
		Jan Sediv{\'{y}}},
	title     = {Sentence Pair Scoring: Towards Unified Framework for Text Comprehension},
	journal   = {CoRR},
	volume    = {abs/1603.06127},
	year      = {2016},
	url       = {http://arxiv.org/abs/1603.06127}
}

@article{HABCNN,
	author    = {Wenpeng Yin and
		Sebastian Ebert and
			Hinrich Sch{\"{u}}tze},
	title     = {Attention-Based Convolutional Neural Network for Machine Comprehension},
	journal   = {CoRR},
	volume    = {abs/1602.04341},
	year      = {2016},
	url       = {http://arxiv.org/abs/1602.04341},
	timestamp = {Tue, 01 Mar 2016 17:47:25 +0100},
	biburl    = {http://dblp.uni-trier.de/rec/bib/journals/corr/YinES16},
	bibsource = {dblp computer science bibliography, http://dblp.org}
}

@article{AttSum,
	title={AttSum: Joint Learning of Focusing and Summarization with Neural Attention},
	author={Cao, Ziqiang and Li, Wenjie and Li, Sujian and Wei, Furu},
	journal={arXiv preprint arXiv:1604.00125},
	year={2016}
}

@article{MCWang,
	  title={Machine comprehension with syntax, frames, and semantics},
	  author={Wang, Hai and McAllester, Mohit Bansal Kevin Gimpel David},
	  journal={Proceedings of ACL},
	  volume={Volume 2: Short Papers},
	  pages={700},
	  year={2015}
}
