@article{LSTMMR,
  author    = {Jianpeng Cheng and
               Li Dong and
               Mirella Lapata},
  title     = {Long Short-Term Memory-Networks for Machine Reading},
  journal   = {CoRR},
  volume    = {abs/1601.06733},
  year      = {2016},
  url       = {http://arxiv.org/abs/1601.06733},
  timestamp = {Mon, 01 Feb 2016 15:36:05 +0100},
  biburl    = {http://dblp.uni-trier.de/rec/bib/journals/corr/ChengDL16},
  bibsource = {dblp computer science bibliography, http://dblp.org}
}

@article{EndToEndParsing,
	author    = {Chris Dyer and
		Miguel Ballesteros and
			Wang Ling and
			Austin Matthews and
			Noah A. Smith},
	title     = {Transition-Based Dependency Parsing with Stack Long Short-Term Memory},
	journal   = {CoRR},
	volume    = {abs/1505.08075},
	year      = {2015},
	url       = {http://arxiv.org/abs/1505.08075},
	timestamp = {Mon, 01 Jun 2015 14:13:54 +0200},
	biburl    = {http://dblp.uni-trier.de/rec/bib/journals/corr/DyerBLMS15},
	bibsource = {dblp computer science bibliography, http://dblp.org}
}

@inproceedings{AnsselWang,
	title={What is the Jeopardy Model? A Quasi-Synchronous Grammar for QA.},
	author={Wang, Mengqiu and Smith, Noah A and Mitamura, Teruko},
	booktitle={EMNLP-CoNLL},
	volume={7},
	pages={22--32},
	year={2007}
}

@article{UbuntuLowe,
	author    = {Ryan Lowe and
		Nissan Pow and
			Iulian Serban and
			Joelle Pineau},
	title     = {The Ubuntu Dialogue Corpus: {A} Large Dataset for Research in Unstructured
		Multi-Turn Dialogue Systems},
	journal   = {CoRR},
	volume    = {abs/1506.08909},
	year      = {2015},
	url       = {http://arxiv.org/abs/1506.08909},
	timestamp = {Wed, 01 Jul 2015 15:10:24 +0200},
	biburl    = {http://dblp.uni-trier.de/rec/bib/journals/corr/LowePSP15},
	bibsource = {dblp computer science bibliography, http://dblp.org}
}

@article{UbuntuKadlec,
  title={Improved Deep Learning Baselines for Ubuntu Corpus Dialogs},
  author={Kadlec, Rudolf and Schmid, Martin and Kleindienst, Jan},
  journal={arXiv preprint arXiv:1510.03753},
  year={2015}
}

@article{KimMultichannelCNN,
	title={Convolutional neural networks for sentence classification},
	author={Kim, Yoon},
	journal={arXiv preprint arXiv:1408.5882},
	year={2014}
}

@inproceedings{Ranknet,
	title={Learning to rank using gradient descent},
	author={Burges, Chris and Shaked, Tal and Renshaw, Erin and Lazier, Ari and Deeds, Matt and Hamilton, Nicole and Hullender, Greg},
	booktitle={Proceedings of the 22nd international conference on Machine learning},
	pages={89--96},
	year={2005},
	organization={ACM}
}

@article{TreeLSTM,
	  author    = {Kai Sheng Tai and
		                 Richard Socher and
					 Christopher D. Manning},
	  title     = {Improved Semantic Representations From Tree-Structured Long Short-Term
		  Memory Networks},
	  journal   = {CoRR},
	  volume    = {abs/1503.00075},
	  year      = {2015},
	  url       = {http://arxiv.org/abs/1503.00075},
	  timestamp = {Thu, 09 Apr 2015 11:33:20 +0200},
	  biburl    = {http://dblp.uni-trier.de/rec/bib/journals/corr/TaiSM15},
	  bibsource = {dblp computer science bibliography, http://dblp.org}
}

@article{attn1511,
  author    = {Ming Tan and
               Bing Xiang and
               Bowen Zhou},
  title     = {LSTM-based Deep Learning Models for non-factoid answer selection},
  journal   = {CoRR},
  volume    = {abs/1511.04108},
  year      = {2015},
  url       = {http://arxiv.org/abs/1511.04108},
  timestamp = {Tue, 01 Dec 2015 19:22:34 +0100},
  biburl    = {http://dblp.uni-trier.de/rec/bib/journals/corr/TanXZ15},
  bibsource = {dblp computer science bibliography, http://dblp.org}
}

@inproceedings{skipthoughts,
	title={Skip-thought vectors},
	author={Kiros, Ryan and Zhu, Yukun and Salakhutdinov, Ruslan R and Zemel, Richard and Urtasun, Raquel and Torralba, Antonio and Fidler, Sanja},
	booktitle={Advances in Neural Information Processing Systems},
	pages={3276--3284},
	year={2015}
}

@inproceedings{TF-KLD,
    title = {Discriminative Improvements to Distributional Sentence Similarity},
    author = {Yangfeng Ji and Jacob Eisenstein},
    booktitle = {EMNLP},
    year = {2013}
}

@inproceedings{WikiQA,
  title={WIKIQA: A Challenge Dataset for Open-Domain Question Answering},
  author={Yang, Yi and Yih, Wen-tau and Meek, Christopher},
  year={2015}
}

@inproceedings{YodaQAPoster2015,
        title={{YodaQA: A Modular Question Answering System Pipeline}},
        author={Baudi{\v{s}}, Petr},
        booktitle={POS\-TER 2015 - 19th International Student Conference on Electrical Engineering},
        year={2015},
        location={{Prague, CTU}},
        url={http://ailao.eu/yodaqa/yodaqa-poster2015.pdf}
}

@incollection{YodaQACLEF2015,
  title={Modeling of the Question Answering Task in the {YodaQA} System},
  author={Baudi{\v{s}}, Petr and {\v{S}}ediv{\'y}, Jan},
  booktitle={Experimental IR Meets Multilinguality, Multimodality, and Interaction},
  pages={222--228},
  year={2015},
  publisher={Springer}
}

@article{Yu14,
  author    = {Lei Yu and
               Karl Moritz Hermann and
               Phil Blunsom and
               Stephen Pulman},
  title     = {Deep Learning for Answer Sentence Selection},
  journal   = {CoRR},
  volume    = {abs/1412.1632},
  year      = {2014},
  url       = {http://arxiv.org/abs/1412.1632},
  timestamp = {Thu, 01 Jan 2015 19:51:08 +0100},
  biburl    = {http://dblp.uni-trier.de/rec/bib/journals/corr/YuHBP14},
  bibsource = {dblp computer science bibliography, http://dblp.org}
}

@article{attnpooling,
	author    = {C{\'{\i}}cero Nogueira dos Santos and
		Ming Tan and
			Bing Xiang and
			Bowen Zhou},
	title     = {Attentive Pooling Networks},
	journal   = {CoRR},
	volume    = {abs/1602.03609},
	year      = {2016},
	url       = {http://arxiv.org/abs/1602.03609},
	timestamp = {Tue, 01 Mar 2016 17:47:25 +0100},
	biburl    = {http://dblp.uni-trier.de/rec/bib/journals/corr/SantosTXZ16},
	bibsource = {dblp computer science bibliography, http://dblp.org}
}

@inproceedings{MuPeCNN,
	title={Multi-perspective sentence similarity modeling with convolutional neural networks},
	author={He, Hua and Gimpel, Kevin and Lin, Jimmy},
	year={2015}
}

@inproceedings{SevMos2015,
	title={Learning to rank short text pairs with convolutional deep neural networks},
	author={Severyn, Aliaksei and Moschitti, Alessandro},
	booktitle={Proceedings of the 38th International ACM SIGIR Conference on Research and Development in Information Retrieval},
	pages={373--382},
	year={2015},
	organization={ACM}
}

@article{AskUbuntu,
	author    = {Tao Lei and
		Hrishikesh Joshi and
			Regina Barzilay and
			Tommi S. Jaakkola and
			Kateryna Tymoshenko and
			Alessandro Moschitti and
			Llu{\'{\i}}s M{\`{a}}rquez i Villodre},
	title     = {Denoising Bodies to Titles: Retrieving Similar Questions with Recurrent
		Convolutional Models},
	journal   = {CoRR},
	volume    = {abs/1512.05726},
	year      = {2015},
	url       = {http://arxiv.org/abs/1512.05726},
	timestamp = {Sun, 03 Jan 2016 11:55:33 +0100},
	biburl    = {http://dblp.uni-trier.de/rec/bib/journals/corr/LeiJBJTMV15},
	bibsource = {dblp computer science bibliography, http://dblp.org}
}

@inproceedings{DAN,
	title={Deep unordered composition rivals syntactic methods for text classification},
	author={Iyyer, Mohit and Manjunatha, Varun and Boyd-Graber, Jordan and III, Hal Daum{\'e}},
	year={2015}
}

@article{MemNN,
  author    = {Jason Weston and
               Sumit Chopra and
               Antoine Bordes},
  title     = {Memory Networks},
  journal   = {CoRR},
  volume    = {abs/1410.3916},
  year      = {2014},
  url       = {http://arxiv.org/abs/1410.3916},
  timestamp = {Sun, 02 Nov 2014 11:25:59 +0100},
  biburl    = {http://dblp.uni-trier.de/rec/bib/journals/corr/WestonCB14},
  bibsource = {dblp computer science bibliography, http://dblp.org}
}

@misc{Keras,
  author = {Chollet, Fran√ßois},
  title = {Keras},
  year = {2015},
  publisher = {GitHub},
  journal = {GitHub repository},
  howpublished = {\url{https://github.com/fchollet/keras}}
}

@inproceedings{SNLI,
	Author = {Bowman, Samuel R. and Angeli, Gabor and Potts, Christopher, and Manning, Christopher D.},
	Booktitle = {Proceedings of the 2015 Conference on Empirical Methods in Natural Language Processing (EMNLP)},
	Publisher = {Association for Computational Linguistics},
	Title = {A large annotated corpus for learning natural language inference},
	Year = {2015}
}

@article{SAMS-RecNN,
  title={Syntax-Aware Multi-Sense Word Embeddings for Deep Compositional Models of Meaning},
  author={Cheng, Jianpeng and Kartsaklis, Dimitri},
  journal={arXiv preprint arXiv:1508.02354},
  year={2015}
}

@article{SNLIattn,
  author    = {Tim Rockt{\"{a}}schel and
               Edward Grefenstette and
               Karl Moritz Hermann and
               Tom{\'{a}}s Kocisk{\'{y}} and
               Phil Blunsom},
  title     = {Reasoning about Entailment with Neural Attention},
  journal   = {CoRR},
  volume    = {abs/1509.06664},
  year      = {2015},
  url       = {http://arxiv.org/abs/1509.06664},
  timestamp = {Thu, 01 Oct 2015 14:28:48 +0200},
  biburl    = {http://dblp.uni-trier.de/rec/bib/journals/corr/RocktaschelGHKB15},
  bibsource = {dblp computer science bibliography, http://dblp.org}
}

@article{DMN,
  author    = {Ankit Kumar and
               Ozan Irsoy and
               Jonathan Su and
               James Bradbury and
               Robert English and
               Brian Pierce and
               Peter Ondruska and
               Ishaan Gulrajani and
               Richard Socher},
  title     = {Ask Me Anything: Dynamic Memory Networks for Natural Language Processing},
  journal   = {CoRR},
  volume    = {abs/1506.07285},
  year      = {2015},
  url       = {http://arxiv.org/abs/1506.07285},
  timestamp = {Wed, 01 Jul 2015 15:10:24 +0200},
  biburl    = {http://dblp.uni-trier.de/rec/bib/journals/corr/KumarISBEPOGS15},
  bibsource = {dblp computer science bibliography, http://dblp.org}
}

@inproceedings{DLSCU,
  title={DLS@ CU: Sentence similarity from word alignment and semantic vector composition},
  author={Sultan, Md Arafat and Bethard, Steven and Sumner, Tamara},
  booktitle={Proceedings of the 9th International Workshop on Semantic Evaluation},
  pages={148--153},
  year={2015}
}

@inproceedings{STS2015,
  title={Semeval-2015 task 2: Semantic textual similarity, english, spanish and pilot on interpretability},
  author={Agirre, Eneko and Banea, Carmen and Cardie, Claire and Cer, Daniel and Diab, Mona and Gonzalez-Agirre, Aitor and Guof, Weiwei and Lopez-Gazpio, Inigo and Maritxalar, Montse and Mihalcea, Rada and others},
  year={2015}
}

@inproceedings{GloVe,
  author = {Jeffrey Pennington and Richard Socher and Christopher D. Manning},
  booktitle = {Empirical Methods in Natural Language Processing (EMNLP)},
  title = {GloVe: Global Vectors for Word Representation},
  year = {2014},
  pages = {1532--1543},
  url = {http://www.aclweb.org/anthology/D14-1162},
}

@article{GRU,
  author    = {KyungHyun Cho and
               Bart van Merrienboer and
               Dzmitry Bahdanau and
               Yoshua Bengio},
  title     = {On the Properties of Neural Machine Translation: Encoder-Decoder Approaches},
  journal   = {CoRR},
  volume    = {abs/1409.1259},
  year      = {2014},
  url       = {http://arxiv.org/abs/1409.1259},
  timestamp = {Wed, 01 Oct 2014 15:00:05 +0200},
  biburl    = {http://dblp.uni-trier.de/rec/bib/journals/corr/ChoMBB14},
  bibsource = {dblp computer science bibliography, http://dblp.org}
}

@article{SICK2014,
  title={Semeval-2014 task 1: Evaluation of compositional distributional semantic models on full sentences through semantic relatedness and textual entailment},
  author={Marelli, Marco and Bentivogli, Luisa and Baroni, Marco and Bernardi, Raffaella and Menini, Stefano and Zamparelli, Roberto},
  journal={SemEval-2014},
  year={2014}
}

@inproceedings{MSRpara,
  title={Automatically constructing a corpus of sentential paraphrases},
  author={Dolan, William B and Brockett, Chris},
  year={2005}
}

@article{baBi,
  author    = {Jason Weston and
               Antoine Bordes and
               Sumit Chopra and
               Tomas Mikolov},
  title     = {Towards AI-Complete Question Answering: {A} Set of Prerequisite Toy
               Tasks},
  journal   = {CoRR},
  volume    = {abs/1502.05698},
  year      = {2015},
  url       = {http://arxiv.org/abs/1502.05698},
  timestamp = {Mon, 02 Mar 2015 14:17:34 +0100},
  biburl    = {http://dblp.uni-trier.de/rec/bib/journals/corr/WestonBCM15},
  bibsource = {dblp computer science bibliography, http://dblp.org}
}

@article{BM25,
  title={Okapi at TREC-3},
  author={Robertson, Stephen E and Walker, Steve and Jones, Susan and others},
  year={1995}
}

@inproceedings{ReadComprehend,
	title={Teaching machines to read and comprehend},
	author={Hermann, Karl Moritz and Kocisky, Tomas and Grefenstette, Edward and Espeholt, Lasse and Kay, Will and Suleyman, Mustafa and Blunsom, Phil},
	booktitle={Advances in Neural Information Processing Systems},
	pages={1684--1692},
	year={2015}
}

@article{Adam,
	title={Adam: A method for stochastic optimization},
	author={Kingma, Diederik and Ba, Jimmy},
	journal={arXiv preprint arXiv:1412.6980},
	year={2014}
}

@inproceedings{NTCIR11QALab,
	  title={Overview of the {NTCIR}-11 {QA}-{L}ab Task},
	  author={Shibuki, Hideyuki and Sakamoto, Kotaro and Kano, Yoshinobu and Mitamura, Teruko and Ishioroshi, Madoka and Itakura, Kelly Y and Wang, Di and Mori, Tatsunori and Kando, Noriko},
	  year={2014}
}

@incollection{RTE1,
	title={The {PASCAL} recognising textual entailment challenge},
	author={Dagan, Ido and Glickman, Oren and Magnini, Bernardo},
	booktitle={Machine learning challenges. evaluating predictive uncertainty, visual object classification, and recognising tectual entailment},
	pages={177--190},
	year={2006},
	publisher={Springer}
}

@ARTICLE {STAGG,
author       = {{Wen-tau} Yih and Ming-Wei Chang and Xiaodong He and
Jianfeng Gao},
booktitle    = {Proceedings of the Joint Conference of the 53rd Annual
Meeting of the ACL and the
                7th International Joint Conference on Natural Language
Processing of the AFNLP},
month        = {July},
publisher    = {ACL ‚Äì Association for Computational Linguistics},
title        = {Semantic Parsing via Staged Query Graph Generation:
Question Answering with
                Knowledge Base},
url          = {http://research.microsoft.com/apps/pubs/default.aspx?id=244749},
year         = {2015}
}

@Article{qatextev,
  author    = {Kun Xu and
               Yansong Feng and
               Siva Reddy and
               Songfang Huang and
               Dongyan Zhao},
  title     = {Enhancing Freebase Question Answering Using Textual Evidence},
  journal   = {CoRR},
  volume    = {abs/1603.00957},
  year      = {2016},
  url       = {http://arxiv.org/abs/1603.00957},
  timestamp = {Sat, 02 Apr 2016 01:00:00 +0200},
  biburl    = {http://dblp.uni-trier.de/rec/bib/journals/corr/XuFRHZ16},
  bibsource = {dblp computer science bibliography, http://dblp.org}
}

@article{LSTMMR,
  author    = {Jianpeng Cheng and
               Li Dong and
               Mirella Lapata},
  title     = {Long Short-Term Memory-Networks for Machine Reading},
  journal   = {CoRR},
  volume    = {abs/1601.06733},
  year      = {2016},
  url       = {http://arxiv.org/abs/1601.06733},
  timestamp = {Mon, 01 Feb 2016 15:36:05 +0100},
  biburl    = {http://dblp.uni-trier.de/rec/bib/journals/corr/ChengDL16},
  bibsource = {dblp computer science bibliography, http://dblp.org}
}

@inproceedings{MCTest,
	title={MCTest: A Challenge Dataset for the Open-Domain Machine Comprehension of Text.},
	author={Richardson, Matthew and Burges, Christopher JC and Renshaw, Erin},
	year={2013}
}

@inproceedings{WebQuestions,
	  title={Semantic Parsing on Freebase from Question-Answer Pairs.},
	  author={Berant, Jonathan and Chou, Andrew and Frostig, Roy and Liang, Percy},
	  booktitle={EMNLP},
	  pages={1533--1544},
	  year={2013},
	  url={http://www.aclweb.org/anthology/D13-1160}
}

@article{IllinoisLH,
	title={Illinois-LH: A denotational and distributional approach to semantics},
	author={Lai, Alice and Hockenmaier, Julia},
	journal={Proc. SemEval},
	year={2014}
}

@article{NeuralReasoner,
	title={Towards Neural Network-based Reasoning},
	author={Peng, Baolin and Lu, Zhengdong and Li, Hang and Wong, Kam-Fai},
	journal={arXiv preprint arXiv:1508.05508},
	year={2015}
}
